@article{Blinder:2019,
   TITLE      = {Signal processing challenges for digital holographic video display systems}, 
   VOLUME     = {70}, 
   ISSN       = {09235965}, 
   URL        = {https://linkinghub.elsevier.com/retrieve/pii/S0923596518304855}, 
   DOI        = {10.1016/j.image.2018.09.014}, 
   JOURNAL    = {Signal Processing: Image Communication}, 
   AUTHOR     = {Blinder, David
               AND Ahar, Ayyoub
               AND Bettens, Stijn
               AND Birnbaum, Tobias
               AND Symeonidou, Athanasia
               AND Ottevaere, Heidi
               AND Schretter, Colas
               AND Schelkens, Peter},
   YEAR       = {2019},
   MONTH      = feb, 
   PAGES      = {114-130}, 
   LANGUAGE   = {en}
}
